@article{lonn2009saving,
  title={Saving time or innovating practice: Investigating perceptions and uses of Learning Management Systems},
  author={Lonn, Steven and Teasley, Stephanie D},
  journal={Computers \& Education},
  volume={53},
  number={3},
  pages={686--694},
  year={2009},
  publisher={Elsevier}
}

@article{watson2007learning,
  title={What are learning management systems, what are they not, and what should they become?},
  author={Watson, William R and Watson, Sunnie Lee},
  journal={TechTrends},
  volume={51},
  number={2},
  pages={29},
  year={2007},
  publisher={Springer}
}

@article{bailey1992wanted,
  title={Wanted: A Road Map for Understanding Integrated Learning Systems.},
  author={Bailey, Gerald D},
  journal={Educational Technology},
  volume={32},
  number={9},
  pages={3--5},
  year={1992},
  publisher={ERIC}
}

@article{phillipo2012link,
  title={Learning Management System (LMS): The Missing Link and Great Enabler.},
  author={Phillipo, John and Krongard, Sarah},
  journa={Massachussetts ASCD Perspectives},
  year={2012},
  publisher={2012}